@MISC{artOstandardach,
	AUTHOR       = "Greg Travis",
	TITLE        = "Build your own Java library",
	HOWPUBLISHED = "publikacja elektroniczna",
	MONTH        = "",
	YEAR         = "",
	NOTE         = "http://www.digilife.be/quickreferences/PT/Build your own Java library.pdf"
}

