@MISC{artOstandardach,
	AUTHOR       = "Greg Travis",
	TITLE        = "Build your own Java library",
	HOWPUBLISHED = "publikacja elektroniczna",
	MONTH        = "",
	YEAR         = "",
	NOTE         = "http://www.digilife.be/quickreferences/PT/Build your own Java library.pdf"
}

@MISC{specyfikacjaW3C,
	AUTHOR       = "Deborah L. McGuinness, Frank van Harmelen",
	TITLE        = "OWL Web Ontology Language Overview ",
	HOWPUBLISHED = "publikacja elektroniczna",
	MONTH        = "luty",
	YEAR         = "2004",
	NOTE         = "http://www.w3.org/TR/2004/REC-owl-features-20040210/"
}

@book{historia,
author = "MArian Z.",
title ="Opowieści",
publisher = "bez tego",
year= "2012",
address = "Gdańsk"
}
@MISC{standardJava,
	TITLE        = "Code Conventions for the JavaTM Programming Language",
	HOWPUBLISHED = "publikacja elektroniczna",
	MONTH        = "kwiecień",
	YEAR         = "1999",
	NOTE         = "http://java.sun.com/docs/codeconv/html/CodeConventions.doc8.html"
}

