@Book{VisOnto,
 author	=	{E. Giannopoulou, C. Halatsis, A. Katifori, G. Lepouras, C. Vassilakis},
 title	= 	{Ontology Visualization Methods – A Survey},
 booktitle = 	{ACM Computing Surveys},
 Year 	= 	{2007},
 volume = 	{39},
 number = 	{4},
 address= 	{University of Athens, University of Peloponnese},
 month 	= 	{październik},
}
@Book{OntoViz,
  Author=	{M. Sintek},
  Title	=	{OntoViz},
  Year 	= 	{2007},
  note 	=	{http://protegewiki.stanford.edu/wiki/OntoViz/}
}
@Book{OntoSphere,
  Title	=	{OntoSphere3D},
  Year 	= 	{2004},
  note 	=	{http://ontosphere3d.sourceforge.net/}
}
@Book{Jambalaya,
 author	=	{R. Lintern, M. Storey},
  Title	=	{Jambalaya express: on demand knowledge visualization},
  Year 	= 	{2005},
 month 	= 	{lipiec},
 address= 	{University of Victoria, Kanada},
}
@Book{JambalayaProtege,
 author	=	{N. Ernst , R. Lintern , D. Perrin, M. Storey},
  Title	=	{Visualization and \protege},
  Year 	= 	{2005},
 month 	= 	{lipiec},
 address= 	{University of Victoria, Kanada},
}
@misc{biblioteka_standard,
    author=	{G. Travis},
    title =        {Build your own Java library},
    month =        {maj},
    year =         {2001},
    note =         {http://www.digilife.be/quickreferences/PT/Build your own Java library.pdf},
}
