@book{historia,
author = "MArian Z.",
title ="Opowieści",
publisher = "bez tego",
year= "2012",
address = "Gdańsk"
}
